% Eric References %
@INPROCEEDINGS{vineet,
  author={Vineet, Vibhav and Narayanan, P. J.},
  booktitle={2008 IEEE Computer Society Conference on Computer Vision and Pattern Recognition Workshops}, 
  title={CUDA cuts: Fast graph cuts on the GPU}, 
  year={2008},
  volume={},
  number={},
  pages={1-8},
  doi={10.1109/CVPRW.2008.4563095}
 }
 
% Ford Fulkerson
@inproceedings{Jiang2013APF,
  title={A Parallel Ford-Fulkerson Algorithm For Maximum Flow Problem},
  author={Zhipeng Jiang and Xiaodong Hu and Suixiang Gao},
  year={2013}
}

@misc{FFvEk, 
title={Maximum flow - Ford-fulkerson and Edmonds-Karp}, 
url={https://cp-algorithms.com/graph/edmonds_karp.html}, 
journal={Maximum flow - Ford-Fulkerson and Edmonds-Karp - Algorithms for Competitive Programming}
} 

@misc{sumitpadhiyar, 
title={Sumitpadhiyar/PARALLEL_FORD_FULKERSON_GPU: Parallelization of Ford Fulkerson algorithm on GPU},
url={https://github.com/SumitPadhiyar/parallel_ford_fulkerson_gpu}, 
journal={GitHub}, 
author={SumitPadhiyar}
}

@online{FF-Fiset,
    title = {Max Flow Ford Fulkerson | Network Flow | Graph Theory},
    date = {2018},
    organization = {Youtube},
    author = {William Fiset},
    url = {https://www.youtube.com/watch?v=LdOnanfc5TM},
}

% Dinics

@misc{williamfiset, 
title={WilliamFiset/Dinic's Algorithm},
url={https://github.com/williamfiset/Algorithms/tree/master/src/main/java/com/williamfiset/algorithms/graphtheory/networkflow/examples}, 
journal={GitHub}, 
author={WilliamFiset}
}

@online{Dinics-Fiset,
        title = {Max Flow Dinic's Algorithm | Network Flow | Graph Theory},
        date = {2018},
        organization = {Youtube},
        author = {William Fiset},
        url = {https://www.youtube.com/watch?v=M6cm8UeeziI&t=505s},
    }

@misc{pBFS, 
title={Parallel Breadth First Search}, 
url={https://en.wikipedia.org/wiki/Parallel_breadth-first_search}, 
journal={Parallel Breadth First Search}
}